<record><leader>00000cas a22000007a 4500</leader><controlfield tag="001">12185748</controlfield><controlfield tag="008">850621c19849999gauwr ne      0   a0eng d</controlfield><datafield ind1=" " ind2=" " tag="010"><subfield code="a">sn 85007309 </subfield></datafield><datafield ind1=" " ind2=" " tag="040"><subfield code="a">NSD</subfield><subfield code="b">eng</subfield><subfield code="c">NSD</subfield><subfield code="d">NLG</subfield><subfield code="d">GUA</subfield><subfield code="d">OCLCQ</subfield><subfield code="d">GUA</subfield><subfield code="d">OCLCQ</subfield><subfield code="d">OCLCF</subfield><subfield code="d">OCLCO</subfield></datafield><datafield ind1=" " ind2=" " tag="012"><subfield code="m">1</subfield></datafield><datafield ind1="1" ind2=" " tag="022"><subfield code="a">0883-7007</subfield><subfield code="l">0883-7007</subfield><subfield code="2">1</subfield></datafield><datafield ind1="1" ind2=" " tag="029"><subfield code="a">AU@</subfield><subfield code="b">000026305136</subfield></datafield><datafield ind1=" " ind2=" " tag="032"><subfield code="a">324260</subfield><subfield code="b">USPS</subfield></datafield><datafield ind1=" " ind2=" " tag="042"><subfield code="a">nsdp</subfield></datafield><datafield ind1=" " ind2=" " tag="043"><subfield code="a">n-us-ga</subfield></datafield><datafield ind1=" " ind2="4" tag="222"><subfield code="a">The Citizen Georgian</subfield></datafield><datafield ind1="0" ind2="4" tag="245"><subfield code="a">The Citizen Georgian.</subfield></datafield><datafield ind1="3" ind2="0" tag="246"><subfield code="a">Citizen and Georgian</subfield></datafield><datafield ind1="1" ind2="7" tag="246"><subfield code="a">Citizen &amp; Georgian</subfield></datafield><datafield ind1=" " ind2=" " tag="260"><subfield code="a">Montezuma, Ga. :</subfield><subfield code="b">Southland Printers,</subfield><subfield code="c">[1984]-</subfield></datafield><datafield ind1=" " ind2=" " tag="300"><subfield code="a">v.</subfield></datafield><datafield ind1=" " ind2=" " tag="310"><subfield code="a">Weekly</subfield></datafield><datafield ind1="0" ind2=" " tag="362"><subfield code="a">Vol. 99, no. 17 (May 2, 1984)-</subfield></datafield><datafield ind1=" " ind2=" " tag="500"><subfield code="a">Effective vol. 116, no. 49 (Dec. 3, 1997), presentation of title on masthead changed so that Macon County is impressed vertically in the middle of Citizen, and Montezuma is impressed vertically in the middle of Georgian.</subfield></datafield><datafield ind1=" " ind2=" " tag="500"><subfield code="a">Published: Manchester, Ga. : Peach Publishing Col. Inc., 2010-</subfield></datafield><datafield ind1=" " ind2=" " tag="588"><subfield code="a">Latest issue consulted: Apr. 7, 2010.</subfield></datafield><datafield ind1=" " ind2="0" tag="651"><subfield code="a">Montezuma (Ga.)</subfield><subfield code="v">Newspapers.</subfield></datafield><datafield ind1=" " ind2="0" tag="651"><subfield code="a">Macon County (Ga.)</subfield><subfield code="v">Newspapers.</subfield></datafield><datafield ind1=" " ind2="7" tag="655"><subfield code="a">Newspapers.</subfield><subfield code="2">fast</subfield><subfield code="0">(OCoLC)fst01423814</subfield></datafield><datafield ind1=" " ind2="7" tag="651"><subfield code="a">Georgia</subfield><subfield code="z">Macon County.</subfield><subfield code="2">fast</subfield><subfield code="0">(OCoLC)fst01218167</subfield></datafield><datafield ind1=" " ind2="7" tag="651"><subfield code="a">Georgia</subfield><subfield code="z">Montezuma.</subfield><subfield code="2">fast</subfield><subfield code="0">(OCoLC)fst01218169</subfield></datafield><datafield ind1=" " ind2=" " tag="752"><subfield code="a">United States</subfield><subfield code="b">Georgia</subfield><subfield code="c">Macon</subfield><subfield code="d">Montezuma.</subfield></datafield><datafield ind1="0" ind2="0" tag="780"><subfield code="t">Citizen &amp; Georgian</subfield><subfield code="w">(DLC)sn 89053467</subfield><subfield code="w">(OCoLC)20122991</subfield></datafield></record>